%% LaTeX2e file `and_moe_watermarking_usenix.bib'
%% generated by the `filecontents' environment
%% from source `and_moe_watermarking_usenix' on 2025/10/21.
%%
%-------------------------------------------------------------------------------
@article{kirchenbauer2023watermark,
  title={A Watermark for Large Language Models},
  author={Kirchenbauer, John and Geiping, Jonas and Wen, Yuxin and Katz, Jonathan and Miers, Ian and Goldstein, Tom},
  journal={arXiv preprint arXiv:2301.10226},
  year={2023}
}

@article{li2023survey,
  title={A Survey of Text Watermarking in the Era of Large Language Models},
  author={Li, Yixin and Li, Lei and Wang, Xinyu and Chen, Peng and Wang, Linyi and Xie, Yue},
  journal={arXiv preprint arXiv:2312.07913},
  year={2023}
}

@article{fedus2021switch,
  title={Switch Transformer: Scaling to Trillion Parameter Models with Simple and Efficient Sparsity},
  author={Fedus, William and Zoph, Barret and Shazeer, Noam},
  journal={arXiv preprint arXiv:2101.03961},
  year={2021}
}

@inproceedings{jiang2024mixtral,
  title={Mixtral of Experts},
  author={Jiang, Albert Q and Sablayrolles, Alexandre and Roux, Antoine and Mensch, Arthur and Savary, Blanche and Bamford, Chris and Chaplot, Devendra Singh and de las Casas, Diego and Bressand, Emma and Lengyel, Gianna and others},
  booktitle={arXiv preprint arXiv:2401.04088},
  year={2024}
}

@article{shazeer2017outrageously,
  title={Outrageously large neural networks: The sparsely-gated mixture-of-experts layer},
  author={Shazeer, Noam and Mirhoseini, Azalia and Maziarz, Krzysztof and Davis, Andy and Le, Quoc and Hinton, Geoffrey and Dean, Jeff},
  journal={arXiv preprint arXiv:1701.06538},
  year={2017}
}

@article{pmark2024,
  title={PMark: Towards Robust and Distortion-free Semantic-level Watermarking with Channel Constraints},
  author={Anonymous},
  journal={arXiv preprint arXiv:2509.21057},
  year={2024}
}

@inproceedings{zhang2019paws,
  title={PAWS: Paraphrase Adversaries from Word Scrambling},
  author={Zhang, Yuan and Baldridge, Jason and He, Luheng},
  booktitle={Proceedings of the 2019 Conference of the North American Chapter of the Association for Computational Linguistics},
  pages={1298--1308},
  year={2019}
}

@book{macwilliams1977theory,
  title={The theory of error-correcting codes},
  author={MacWilliams, Florence Jessie and Sloane, Neil James Alexander},
  volume={16},
  year={1977},
  publisher={Elsevier}
}

@article{chen2020simple,
  title={A Simple Framework for Contrastive Learning of Visual Representations},
  author={Chen, Ting and Kornblith, Simon and Norouzi, Mohammad and Hinton, Geoffrey},
  journal={International conference on machine learning},
  pages={1597--1607},
  year={2020}
}

@inproceedings{christ2023watermarking,
  title={Watermarking for Large Language Models: A Survey},
  author={Christ, Miranda and Gunn, Sam and Zamir, Omer},
  booktitle={Proceedings of the 61st Annual Meeting of the Association for Computational Linguistics},
  pages={4295--4315},
  year={2023}
}
